@Misc{Barth2023,
  author       = {Michaela Barth and Gert Svensson},
  month        = aug,
  note         = {[Online; accessed Jun 2, 2025]},
  title        = {Dardel sustainability at a glance},
  year         = {2023},
  url          = {https://www.pdc.kth.se/polopoly_fs/1.1271258.1692656955!/Dardel_Sustainability.pdf},
}
